{
  "leader": "07787cam a2200469 i 4500",
  "fields": [
    {
      "001": "ocm00130016\\"
    },
    {
      "003": "OCoLC"
    },
    {
      "005": "20220301114748.0"
    },
    {
      "008": "710331s1969\\\\\\\\nyuac\\\\\\\\b\\\\\\\\101\\0\\eng\\\\"
    },
    {
      "010": {
        "ind1": "\\",
        "ind2": "\\",
        "subfields": [
          {
            "a": "   70022164 "
          }
        ]
      }
    },
    {
      "040": {
        "ind1": "\\",
        "ind2": "\\",
        "subfields": [
          {
            "a": "DLC"
          },
          {
            "b": "eng"
          },
          {
            "c": "DLC"
          },
          {
            "d": "MUQ"
          },
          {
            "d": "BAKER"
          },
          {
            "d": "NLGGC"
          },
          {
            "d": "BTCTA"
          },
          {
            "d": "NOH"
          },
          {
            "d": "BDX"
          },
          {
            "d": "YDXCP"
          },
          {
            "d": "OCLCO"
          },
          {
            "d": "OCLCF"
          },
          {
            "d": "OCLCQ"
          },
          {
            "d": "OCLCO"
          },
          {
            "d": "OCL"
          },
          {
            "d": "MTH"
          },
          {
            "d": "OCLCQ"
          },
          {
            "d": "CSA"
          },
          {
            "d": "XFF"
          },
          {
            "d": "CSJ"
          },
          {
            "d": "OCLCO"
          },
          {
            "d": "NJR"
          },
          {
            "d": "RCE"
          },
          {
            "d": "GZH"
          },
          {
            "d": "MRM"
          },
          {
            "d": "CPO"
          },
          {
            "d": "PAU"
          },
          {
            "d": "CNO"
          },
          {
            "d": "IUL"
          },
          {
            "d": "OCLCO"
          },
          {
            "d": "SNN"
          },
          {
            "d": "OCLCQ"
          },
          {
            "d": "OCLCO"
          },
          {
            "d": "OCLCQ"
          },
          {
            "d": "TJC"
          },
          {
            "d": "OCLCO"
          },
          {
            "d": "YAM"
          },
          {
            "d": "OCLCO"
          },
          {
            "d": "AGL"
          }
        ]
      }
    },
    {
      "019": {
        "ind1": "\\",
        "ind2": "\\",
        "subfields": [
          {
            "a": "622321231"
          },
          {
            "a": "973946033"
          }
        ]
      }
    },
    {
      "020": {
        "ind1": "\\",
        "ind2": "\\",
        "subfields": [
          {
            "a": "0874700132"
          }
        ]
      }
    },
    {
      "020": {
        "ind1": "\\",
        "ind2": "\\",
        "subfields": [
          {
            "a": "9780874700138"
          }
        ]
      }
    },
    {
      "035": {
        "ind1": "\\",
        "ind2": "\\",
        "subfields": [
          {
            "a": "(OCoLC)130016"
          },
          {
            "z": "(OCoLC)622321231"
          },
          {
            "z": "(OCoLC)973946033"
          }
        ]
      }
    },
    {
      "050": {
        "ind1": "0",
        "ind2": "0",
        "subfields": [
          {
            "a": "QP456"
          },
          {
            "b": ".I57 1968"
          }
        ]
      }
    },
    {
      "060": {
        "ind1": "\\",
        "ind2": "4",
        "subfields": [
          {
            "a": "WV 301 I573 1968"
          }
        ]
      }
    },
    {
      "070": {
        "ind1": "\\",
        "ind2": "\\",
        "subfields": [
          {
            "a": "QP456.I5 1968"
          }
        ]
      }
    },
    {
      "082": {
        "ind1": "0",
        "ind2": "0",
        "subfields": [
          {
            "a": "599.01826"
          },
          {
            "b": "INT"
          }
        ]
      }
    },
    {
      "049": {
        "ind1": "\\",
        "ind2": "\\",
        "subfields": [
          {
            "a": "NYRV"
          }
        ]
      }
    },
    {
      "111": {
        "ind1": "2",
        "ind2": "\\",
        "subfields": [
          {
            "a": "International Symposium on Olfaction and Taste"
          },
          {
            "n": "(3rd :"
          },
          {
            "d": "1968 :"
          },
          {
            "c": "Rockefeller University)"
          }
        ]
      }
    },
    {
      "245": {
        "ind1": "1",
        "ind2": "0",
        "subfields": [
          {
            "a": "Olfaction and taste :"
          },
          {
            "b": "proceedings of the third international symposium /"
          },
          {
            "c": "edited by Carl Pfaffmann."
          }
        ]
      }
    },
    {
      "260": {
        "ind1": "\\",
        "ind2": "\\",
        "subfields": [
          {
            "a": "New York :"
          },
          {
            "b": "Rockefeller University Press,"
          },
          {
            "c": "1969."
          }
        ]
      }
    },
    {
      "300": {
        "ind1": "\\",
        "ind2": "\\",
        "subfields": [
          {
            "a": "xvi, 648 pages :"
          },
          {
            "b": "illustrations, group portrait ;"
          },
          {
            "c": "26 cm"
          }
        ]
      }
    },
    {
      "336": {
        "ind1": "\\",
        "ind2": "\\",
        "subfields": [
          {
            "a": "text"
          },
          {
            "b": "txt"
          },
          {
            "2": "rdacontent"
          }
        ]
      }
    },
    {
      "337": {
        "ind1": "\\",
        "ind2": "\\",
        "subfields": [
          {
            "a": "unmediated"
          },
          {
            "b": "n"
          },
          {
            "2": "rdamedia"
          }
        ]
      }
    },
    {
      "338": {
        "ind1": "\\",
        "ind2": "\\",
        "subfields": [
          {
            "a": "volume"
          },
          {
            "b": "nc"
          },
          {
            "2": "rdacarrier"
          }
        ]
      }
    },
    {
      "500": {
        "ind1": "\\",
        "ind2": "\\",
        "subfields": [
          {
            "a": "Proceedings of the 1st conference, held in Stockholm in 1962, are entered under editor, Yngve Zotterman. Proceedings of the 2d conference held in Tokyo in 1965, are entered under its editor, Takashi Hayashi."
          }
        ]
      }
    },
    {
      "504": {
        "ind1": "\\",
        "ind2": "\\",
        "subfields": [
          {
            "a": "Includes bibliographical references and index."
          }
        ]
      }
    },
    {
      "505": {
        "ind1": "0",
        "ind2": "\\",
        "subfields": [
          {
            "a": "Comparative morphology of olfactory receptors / Rudolf Alexander Steinbrecht -- Notes on the fine structure of olfactory epithelium / Donald Frisch -- Electrical activity in olfactory receptor cells / J\u00fcrgen Boeckh -- Kinetics of olfactory receptor potentials / Karl Ernst Kaissling -- EOG problems / Sadayuki F. Takagi -- The electropositive potential in the normal and degenerating olfactory epithelium / Sadayuki F. Takagi, Kiyoshi Aoki, Masae Iino, and Toshi Yajima -- Activities of single olfactory receptor cells / Tatsuaki Shibuya -- The interaction of the peripheral olfactory system with nonodorous stimuli / Thomas V. Getchell -- Olfactory adaptation and the scaling of odor intensity / William S. Cain and Trygg Engen -- Intensity in mixtures of odorous substances / Egon P. K\u00f6ster -- A linear relationship between olfactory effectiveness and identified molecular characteristics, extended to fifty pure substances / Paul Laffort -- A plan to identify most of the primary odors / John E. Amoore -- Correlations between electrophysiological activity from the human olfactory bulb and the subjective response to odoriferous stimuli / John R. Hughes, D. Eugene Hendrix, Nicholas Wetzel, and James W. Johnston Jr. -- Mechanism of olfactory discrimination in the olfactory bulb of the bullfrog / Shoji Higashino, Hideo Takeuchi, and John E. Amoore -- Reciprocal inhibition at glomerular level during bilateral olfactory stimulation / Jean Leveteau and Patrick MacLeod -- Effect of ethmoidal nerve stimulation on olfactory bulbar electrical activity / Herbert Stone -- Evidence for the differential migration of odorant molecules across the olfactory mucosa / Maxwell M. Mozell -- Summary of Olfaction Roundtable / Dietrich Schneider, chairman ; Carl Pfaffmann, reporter ; with John E. Amoore, J\u00fcrgen Boeckh, David G. Moulton, Maxwell M. Mozell, and Patrick MacLeod -- A new approach to insect pheromone specificity / Ernst Priesner -- Olfaction and behavioral sophistication in fish / Jelle Atema, J.H. Todd, and John E. Bardach -- Mammalian pheromones / W.K. Whitten -- Behavioral and electrophysiological responses of male rats to female rat urine odors / Donald Pfaff and Carl Pfaffmann -- Social communication by chemical signals in flying phalangers (Petaurus breviceps papuanus) / Thomas G. Schultze-Westrum -- Behavioral changes in pigeons after olfactory nerve section or bulb ablation / Bernice M. Wenzel, P.F. Albritton, A. Salzman, and T.E. Oberjat -- Olfactory mediation of immediate X-ray detection / James C. Smith and Don Tucker -- X-ray as an olfactory stimulus / John Garcia, Kenneth F. Green, and Brenda K. McGowan -- The ultrastructure of vertebrate taste buds / P.P.C. Graziadei -- Cell types in rabbit taste buds / Raymond G. Murray -- Local potential changes at sensory nerve fiber terminals of the frog tongue / Hiromichi Nomura and Sanya Sakada -- Innervation of rat fungiform papilla / Lloyd M. Beidler -- Electrical signs of taste receptor activity / Hiromichi Morita -- The mechanism of insect sugar reception, a biochemical investigation / Kai Hansen -- Relations between ATP and chemical transmitters in the frog's receptors / Giovanni Rapuzzi, Anna Violante, and Cesare Casella -- Glucose dehydrogenase activity of a \"sweet-sensitive protein\" from bovine tongues / Steven Price and Richard M. Hogan -- Effects of adaptation on human taste function / Donald H. McBurney -- Basis for taste quality in man / Ernest Dzendolet -- A comparative study on the neural and psychophysical response to taste stimuli / Herman Diamant and Yngve Zotterman -- Effects of Gymnema sylvestre and Synsepalum dulcificum on taste in man / Linda M. Bartoshuk, G.P. Dateo, D.J. Vandenbelt, R.L. Buttrick, and L. Long Jr. -- Miraculin, the sweetness-inducing principle from miracle fruit / G.J. Henning, J.N. Brouwer, H. van der Wel, and A. Francke -- Isolation and mechanism of taste modifiers; taste-modifying protein and gymnemic acids / Kenzo Kurihara, Yoshie Kurihara, and Lloyd M. Beidler -- Afferent specificity in taste / Masayasu Sato, Satoru Yamashita, and Hisashi Ogawa -- The distribution of taste sensitivities among single taste fibers / Marion Frank and Carl Pfaffmann -- Information processing in the taste system of the rat / Gernot S. Doetsch, Judith Jay Ganchrow, Linda M. Nelson, and Robert P. Erickson -- Taste psychophysics in animals / Gordon Rolfe Morrison -- Modality coding of lingual afferents in the cat thalamus / Raimond Emmers -- Summary of Taste Roundtable / Carl Pfaffmann, chairman and reporter ; with Ernest Dzendolet, Robert P. Erickson, Marion Frank, Gordon Rolfe Morrison, Masayasu Sato -- The role of adrenocortical hormone secretion in salt appetite / Derek A. Denton, J.F. Nelson, Elspeth Orchard, and Sigrid Weller -- Innate mechanisms for regulation of sodium intake / George Wolf -- Preference threshold and appetite for NaCl solution as affected by propylthiouracil and desoxycorticosterone acetate in rats / Melvin J. Fregly -- Spontaneous sodium appetite and red-cell type in sheep / A. Robert Michell and F.R. Bell -- Discriminatory responses or hypothalamic osmosensitive units to gustatory stimulation in cats / Stelios Nicola\u00efdis -- The metabolic regulation of taste acuity / Robert I. Henkin -- Digestive functions of taste stimuli / Morley R. Kare -- Antidiuresis associated with the ingestion of food substances / Jan W. Kakolewski and Elliot S. Valenstein -- Depression of intake by saccharin adulteration : the role of taste quality on the control of food intake / Robert L. Gentile -- Abstracts submitted for discussion / Akira Adachi [and others]."
          }
        ]
      }
    },
    {
      "650": {
        "ind1": "\\",
        "ind2": "0",
        "subfields": [
          {
            "a": "Taste"
          },
          {
            "v": "Congresses."
          }
        ]
      }
    },
    {
      "650": {
        "ind1": "\\",
        "ind2": "0",
        "subfields": [
          {
            "a": "Smell"
          },
          {
            "v": "Congresses."
          }
        ]
      }
    },
    {
      "650": {
        "ind1": "\\",
        "ind2": "2",
        "subfields": [
          {
            "a": "Taste"
          },
          {
            "0": "(DNLM)D013649"
          }
        ]
      }
    },
    {
      "650": {
        "ind1": "\\",
        "ind2": "2",
        "subfields": [
          {
            "a": "Smell"
          },
          {
            "0": "(DNLM)D012903"
          }
        ]
      }
    },
    {
      "650": {
        "ind1": "\\",
        "ind2": "7",
        "subfields": [
          {
            "a": "Smell."
          },
          {
            "2": "fast"
          },
          {
            "0": "(OCoLC)fst01121562"
          }
        ]
      }
    },
    {
      "650": {
        "ind1": "\\",
        "ind2": "7",
        "subfields": [
          {
            "a": "Taste."
          },
          {
            "2": "fast"
          },
          {
            "0": "(OCoLC)fst01143475"
          }
        ]
      }
    },
    {
      "655": {
        "ind1": "\\",
        "ind2": "7",
        "subfields": [
          {
            "a": "Conference papers and proceedings."
          },
          {
            "2": "fast"
          },
          {
            "0": "(OCoLC)fst01423772"
          }
        ]
      }
    },
    {
      "700": {
        "ind1": "1",
        "ind2": "\\",
        "subfields": [
          {
            "a": "Pfaffmann, Carl,"
          },
          {
            "d": "1913-1994,"
          },
          {
            "e": "editor."
          }
        ]
      }
    },
    {
      "776": {
        "ind1": "0",
        "ind2": "8",
        "subfields": [
          {
            "i": "Online version:"
          },
          {
            "a": "International Symposium on Olfaction and Taste (3rd : 1968 : Rockefeller University, N.Y.)."
          },
          {
            "t": "Olfaction and taste."
          },
          {
            "d": "New York, Rockefeller University Press, 1969"
          },
          {
            "w": "(OCoLC)607649100"
          }
        ]
      }
    },
    {
      "912": {
        "ind1": "\\",
        "ind2": "\\",
        "subfields": []
      }
    },
    {
      "999": {
        "ind1": "\\",
        "ind2": "\\",
        "subfields": [
          {
            "a": "00000000016548"
          }
        ]
      }
    },
    {
      "994": {
        "ind1": "\\",
        "ind2": "\\",
        "subfields": [
          {
            "a": "C0"
          },
          {
            "b": "NYRVC"
          }
        ]
      }
    }
  ]
}